<collection xmlns="http://www.loc.gov/MARC21/slim">
<record>
  <leader>01969nam0a2200277 i 450 </leader>
  <controlfield tag="001">IT\ICCU\CNCE\015814</controlfield>
  <controlfield tag="005">20071005000000.0</controlfield>
  <datafield tag="012" ind1=" " ind2=" ">
    <subfield code="a">a,eo o.er t-e, riIl (3) 1588 (R)</subfield>
    <subfield code="2">fei</subfield>
  </datafield>
  <datafield tag="100" ind1=" " ind2=" ">
    <subfield code="a">19970101d1588        0itac0103    ba</subfield>
  </datafield>
  <datafield tag="101" ind1=" " ind2=" ">
    <subfield code="a">LAT</subfield>
    <subfield code="a">ITA</subfield>
  </datafield>
  <datafield tag="102" ind1=" " ind2=" ">
    <subfield code="a">IT</subfield>
  </datafield>
  <datafield tag="200" ind1="1" ind2=" ">
    <subfield code="a">Erectio Primariae Congregationis in ecclesia Annuntiatae Collegij Romani Societatis Iesu, cum indulgentiis, et cum facultate agregandi quasuis alias congregationes similes pro generali praeposito</subfield>
  </datafield>
  <datafield tag="210" ind1=" " ind2=" ">
    <subfield code="a">Neapoli</subfield>
    <subfield code="c">apud Horatium Saluianum</subfield>
    <subfield code="d">1588</subfield>
    <subfield code="e">Neapoli</subfield>
    <subfield code="g">apud Horatium Saluianum</subfield>
    <subfield code="h">1588</subfield>
  </datafield>
  <datafield tag="215" ind1=" " ind2=" ">
    <subfield code="a">20 c.</subfield>
    <subfield code="d">4ʻ</subfield>
  </datafield>
  <datafield tag="300" ind1=" " ind2=" ">
    <subfield code="a">A c.7 con front. proprio: Ordine delle stationi, indulgentie, et gratie spirituali ... che sono nelle chiese della citt ̉di Roma ... concesse dalla ... memoria di papa Gregorio XIII ... Alla Congregazione della beatissima Vergine Maria,posta nella casa professa della Compagnia di Giesu di Napoli. In Napoli, 1588</subfield>
  </datafield>
  <datafield tag="620" ind1=" " ind2=" ">
    <subfield code="a">IT</subfield>
    <subfield code="d">Napoli</subfield>
  </datafield>
  <datafield tag="710" ind1="0" ind2="2">
    <subfield code="a">Congregazione dell&apos;Annunciazione della Beata Vergine</subfield>
    <subfield code="3">IT\ICCU\CNCT\004298</subfield>
  </datafield>
  <datafield tag="712" ind1="0" ind2="0">
    <subfield code="a">Salviani, Orazio</subfield>
    <subfield code="3">IT\ICCU\CNCT\000065</subfield>
    <subfield code="4">650</subfield>
  </datafield>
  <datafield tag="791" ind1="0" ind2="2">
    <subfield code="a">Congregatio Beatae Virginis</subfield>
    <subfield code="3">IT\ICCU\CNCT\004299</subfield>
    <subfield code="z">Congregazione dell&apos;Annunciazione della Beata Vergine</subfield>
  </datafield>
  <datafield tag="791" ind1="0" ind2="2">
    <subfield code="a">Congregatio Primaria in ecclesia Annuntiatae Collegij Romani Societatis Iesu</subfield>
    <subfield code="3">IT\ICCU\CNCT\004328</subfield>
    <subfield code="z">Congregazione dell&apos;Annunciazione della Beata Vergine</subfield>
  </datafield>
  <datafield tag="791" ind1="0" ind2="2">
    <subfield code="a">Congregatione della Nativit ̉della Madonna Santissima della Compagnia di Ges ̮di Napoli</subfield>
    <subfield code="3">IT\ICCU\CNCT\004329</subfield>
    <subfield code="z">Congregazione dell&apos;Annunciazione della Beata Vergine</subfield>
  </datafield>
  <datafield tag="791" ind1="0" ind2="2">
    <subfield code="a">Congregatio Nativitatis Beatissimae Virginis Mariae Societatis Iesu Neapoli</subfield>
    <subfield code="3">IT\ICCU\CNCT\004330</subfield>
    <subfield code="z">Congregazione dell&apos;Annunciazione della Beata Vergine</subfield>
  </datafield>
  <datafield tag="791" ind1="0" ind2="2">
    <subfield code="a">Officina Salviana</subfield>
    <subfield code="c"> &lt;Napoli&gt;</subfield>
    <subfield code="3">IT\ICCU\CNCT\003024</subfield>
    <subfield code="z">Salviani, Orazio</subfield>
  </datafield>
  <datafield tag="791" ind1="0" ind2="0">
    <subfield code="a">Salvianus, Horatius</subfield>
    <subfield code="3">IT\ICCU\CNCT\005547</subfield>
    <subfield code="z">Salviani, Orazio</subfield>
  </datafield>
  <datafield tag="801" ind1=" " ind2="3">
    <subfield code="a">IT</subfield>
    <subfield code="b">ICCU</subfield>
    <subfield code="c">20201114</subfield>
  </datafield>
  <datafield tag="899" ind1=" " ind2=" ">
    <subfield code="a">Biblioteca universitaria. Genova</subfield>
    <subfield code="1">GE0038</subfield>
    <subfield code="2">LIG 01</subfield>
  </datafield>
</record>
</collection>
